<?xml version="1.0" encoding="UTF-8"?><collection xmlns="http://www.loc.gov/MARC21/slim"><record><leader>00647nam--2200193-u-4500</leader><controlfield tag="001">000052005</controlfield><controlfield tag="002">20161230</controlfield><controlfield tag="005">20161230201049</controlfield><controlfield tag="008">090526s1000------------r-----000-0-eng-d</controlfield><datafield ind1=" " ind2=" " tag="040"><subfield code="a">IFIN-HH</subfield></datafield><datafield ind1="1" ind2=" " tag="100"><subfield code="a">Gugiu, Marin Marius</subfield></datafield><datafield ind1="1" ind2="0" tag="245"><subfield code="a">Procese de ionizare si captura electronica induse de ioni multiplu incarcati</subfield><subfield code="c">Marin Marius Gugiu</subfield></datafield><datafield ind1=" " ind2=" " tag="260"><subfield code="a">Bucuresti</subfield><subfield code="b">IFIN-HH, Universitatea din Bucuresti</subfield><subfield code="c">2009</subfield></datafield><datafield ind1=" " ind2=" " tag="300"><subfield code="a">206 p</subfield></datafield><datafield ind1=" " ind2=" " tag="502"><subfield code="a">Teza de doctorat. Coordonator Stiintific: Prof. Univ. Dr. Ion V. Popescu</subfield></datafield><datafield ind1=" " ind2="4" tag="650"><subfield code="a">Ioni multiplu incarcati</subfield></datafield><datafield ind1="1" ind2=" " tag="700"><subfield code="a">Popescu, Ion. V. Coord</subfield></datafield><datafield ind1=" " ind2=" " tag="852"><subfield code="a">82263</subfield><subfield code="c">539</subfield></datafield><datafield ind1=" " ind2=" " tag="CAT"><subfield code="a">Sys</subfield><subfield code="c">20110106</subfield><subfield code="h">093545</subfield></datafield></record></collection>